@MISC{AA,
  title = {{Armagetron Advanced}},
  howpublished = {\url{http://armagetronad.org/about.php}},
  note = {Accessed on 20 Dec 2013}
}

@MISC{GLT,
  title = {{GLTron}},
  howpublished = {\url{http://www.gltron.org/index.php}},
  note = {Accessed on 20 Dec 2013}
}


@MISC{Andro,
  title = {{Androgetron}},
  howpublished = {\url{http://forums3.armagetronad.net/viewtopic.php?f=4&t=23073}},
  note = {Accessed on 20 Dec 2013}
}

@MISC{Andro2,
  title = {{Androgetron on Google Play}},
  howpublished = {\url{https://play.google.com/store/apps/details?id=net.guru3.androgetron2}},
  note = {Accessed on 20 Dec 2013}
}

@MISC{GP1,
  title = {{"3D Tron Light Cycle"  on Google Play}},
  howpublished = {\url{https://play.google.com/store/apps/details?id=mobi.pixi.glTron}},
  note = {Accessed on 20 Dec 2013}
}

@MISC{GP2,
  title = {{"TRON 3D"  on Google Play}},
  howpublished = {\url{https://play.google.com/store/apps/details?id=com.msi.tron3d}},
  note = {Accessed on 20 Dec 2013}
}


@MISC{yield,
  title = {{MSDN Reference: yield}},
  howpublished = {\url{http://msdn.microsoft.com/en-us/library/dscyy5s0.aspx}},
  note = {Accessed on 20 Dec 2013}

}


@MISC{GP3,
  title = {{(simplified) GLTron port  on Google Play}},
  howpublished = {\url{https://play.google.com/store/apps/details?id=com.glTron}},
  note = {Accessed on 20 Dec 2013}
}